@book{SaaSchTue97,
	title        = {{Objektdatenbanken --- Konzepte, Sprachen, Architekturen}},
	author       = {G. Saake and I. Schmitt and C. Türker},
	year         = 1997,
	publisher    = {International Thomson Publishing},
	address      = {Bonn},
	isbn         = {3-8266-0258-7}
}

@techreport{SchTueSaa98preprint,
	title        = {{Specifying Advanced Transaction Models as Transaction Closures with Special Transaction Dependency Combinations}},
	author       = {K. Schwarz and C. Türker and G. Saake},
	year         = 1998,
	month        = feb,
	number       = 5,
	institution  = {{Fakultät für Informatik, Universität Magdeburg}},
	type         = {Preprint}
}

@inproceedings{TueConSaa96ismis,
	title        = {{Dynamically Changing Behavior: An Agent-Oriented View to Modeling Intelligent Information Systems}},
	author       = {C. Türker and S. Conrad and G. Saake},
	year         = 1996,
	month        = jun,
	booktitle    = {{Foundations of Intelligent Systems, Proc. of the 9th Int. Symposium on Methodologies for Intelligent Systems, ISMIS'96, Zakopane, Poland}},
	publisher    = {Springer-Verlag},
	address      = {Berlin},
	series       = {Lecture Notes in Artificial Intelligence},
	volume       = 1079,
	pages        = {572--581},
	isbn         = {3-540-61286-6},
	editor       = {Z. W. Ra{\'s} and M. Michalewicz}
}
